{
  "leader": "03462cas a2200709 i 4500",
  "fields": [
    {
      "001": "ocm01639704\\"
    },
    {
      "003": "OCoLC"
    },
    {
      "005": "20220712093223.0"
    },
    {
      "008": "750920c19489999nyuqr\\p\\\\\\\\\\\\\\0\\\\\\a0eng\\c"
    },
    {
      "010": {
        "ind1": "\\",
        "ind2": "\\",
        "subfields": [
          {
            "a": "   50002532 "
          }
        ]
      }
    },
    {
      "040": {
        "ind1": "\\",
        "ind2": "\\",
        "subfields": [
          {
            "a": "MUL"
          },
          {
            "b": "eng"
          },
          {
            "c": "MUL"
          },
          {
            "d": "YUS"
          },
          {
            "d": "NSD"
          },
          {
            "d": "DLC"
          },
          {
            "d": "NSD"
          },
          {
            "d": "NST"
          },
          {
            "d": "AIP"
          },
          {
            "d": "NSD"
          },
          {
            "d": "AIP"
          },
          {
            "d": "OCL"
          },
          {
            "d": "EBZ"
          },
          {
            "d": "CUS"
          },
          {
            "d": "SYS"
          },
          {
            "d": "OCLCQ"
          },
          {
            "d": "CGU"
          },
          {
            "d": "DLC"
          },
          {
            "d": "ZYU"
          },
          {
            "d": "OCL"
          },
          {
            "d": "CDS"
          },
          {
            "d": "NLGGC"
          },
          {
            "d": "LVB"
          },
          {
            "d": "EYM"
          },
          {
            "d": "HUL"
          },
          {
            "d": "CUS"
          },
          {
            "d": "HLS"
          },
          {
            "d": "BOS"
          },
          {
            "d": "OCLCQ"
          },
          {
            "d": "DLC"
          },
          {
            "d": "UKMGB"
          },
          {
            "d": "DLC"
          },
          {
            "d": "OCLCA"
          },
          {
            "d": "OCLCF"
          },
          {
            "d": "FC@"
          },
          {
            "d": "MOR"
          },
          {
            "d": "PAU"
          },
          {
            "d": "OCLCQ"
          },
          {
            "d": "GILDS"
          },
          {
            "d": "NLC"
          },
          {
            "d": "ZYU"
          },
          {
            "d": "OCLCO"
          },
          {
            "d": "OCLCQ"
          },
          {
            "d": "AU@"
          },
          {
            "d": "OCLCA"
          },
          {
            "d": "OCLCQ"
          },
          {
            "d": "HTM"
          },
          {
            "d": "CBA"
          },
          {
            "d": "OCLCO"
          },
          {
            "d": "TYC"
          },
          {
            "d": "OCLCO"
          },
          {
            "d": "OCLCQ"
          },
          {
            "d": "OCLCO"
          },
          {
            "d": "VVB"
          },
          {
            "d": "YKC"
          },
          {
            "d": "J9U"
          },
          {
            "d": "OCLCQ"
          },
          {
            "d": "IOH"
          },
          {
            "d": "XIM"
          }
        ]
      }
    },
    {
      "012": {
        "ind1": "\\",
        "ind2": "\\",
        "subfields": [
          {
            "a": "3"
          },
          {
            "b": "3"
          },
          {
            "e": "s"
          },
          {
            "k": "1"
          },
          {
            "l": "1"
          },
          {
            "m": "1"
          }
        ]
      }
    },
    {
      "016": {
        "ind1": "\\",
        "ind2": "\\",
        "subfields": [
          {
            "a": "(AMICUS)000000087161"
          }
        ]
      }
    },
    {
      "016": {
        "ind1": "7",
        "ind2": "\\",
        "subfields": [
          {
            "a": "AA00208583"
          },
          {
            "2": "JP-ToKJK"
          }
        ]
      }
    },
    {
      "016": {
        "ind1": "7",
        "ind2": "\\",
        "subfields": [
          {
            "a": "009207374"
          },
          {
            "2": "Uk"
          }
        ]
      }
    },
    {
      "019": {
        "ind1": "\\",
        "ind2": "\\",
        "subfields": [
          {
            "a": "289720749"
          },
          {
            "a": "977377425"
          },
          {
            "a": "1011868954"
          },
          {
            "a": "1033072631"
          },
          {
            "a": "1054985554"
          },
          {
            "a": "1064337964"
          },
          {
            "a": "1182847004"
          },
          {
            "a": "1201005509"
          },
          {
            "a": "1201567105"
          },
          {
            "a": "1201599022"
          },
          {
            "a": "1201620624"
          },
          {
            "a": "1201632616"
          },
          {
            "a": "1201836168"
          },
          {
            "a": "1201903504"
          },
          {
            "a": "1203010815"
          }
        ]
      }
    },
    {
      "022": {
        "ind1": "\\",
        "ind2": "\\",
        "subfields": [
          {
            "a": "0018-702X"
          },
          {
            "l": "0018-702X"
          },
          {
            "2": "1"
          }
        ]
      }
    },
    {
      "032": {
        "ind1": "\\",
        "ind2": "\\",
        "subfields": [
          {
            "a": "253640"
          },
          {
            "b": "USPS"
          }
        ]
      }
    },
    {
      "035": {
        "ind1": "\\",
        "ind2": "\\",
        "subfields": [
          {
            "a": "(OCoLC)1639704"
          },
          {
            "z": "(OCoLC)289720749"
          },
          {
            "z": "(OCoLC)977377425"
          },
          {
            "z": "(OCoLC)1011868954"
          },
          {
            "z": "(OCoLC)1033072631"
          },
          {
            "z": "(OCoLC)1054985554"
          },
          {
            "z": "(OCoLC)1064337964"
          },
          {
            "z": "(OCoLC)1182847004"
          },
          {
            "z": "(OCoLC)1201005509"
          },
          {
            "z": "(OCoLC)1201567105"
          },
          {
            "z": "(OCoLC)1201599022"
          },
          {
            "z": "(OCoLC)1201620624"
          },
          {
            "z": "(OCoLC)1201632616"
          },
          {
            "z": "(OCoLC)1201836168"
          },
          {
            "z": "(OCoLC)1201903504"
          },
          {
            "z": "(OCoLC)1203010815"
          }
        ]
      }
    },
    {
      "037": {
        "ind1": "\\",
        "ind2": "\\",
        "subfields": [
          {
            "b": "Hudson Review, Inc., 684 Park Ave., New York, N.Y., 10065"
          }
        ]
      }
    },
    {
      "042": {
        "ind1": "\\",
        "ind2": "\\",
        "subfields": [
          {
            "a": "nsdp"
          },
          {
            "a": "pcc"
          }
        ]
      }
    },
    {
      "050": {
        "ind1": "0",
        "ind2": "0",
        "subfields": [
          {
            "a": "AP2"
          },
          {
            "b": ".H886"
          }
        ]
      }
    },
    {
      "050": {
        "ind1": "1",
        "ind2": "4",
        "subfields": [
          {
            "a": "PN2"
          },
          {
            "b": ".F48"
          }
        ]
      }
    },
    {
      "082": {
        "ind1": "0",
        "ind2": "4",
        "subfields": [
          {
            "a": "810"
          },
          {
            "b": "HUD"
          }
        ]
      }
    },
    {
      "210": {
        "ind1": "0",
        "ind2": "\\",
        "subfields": [
          {
            "a": "Hudson rev."
          }
        ]
      }
    },
    {
      "222": {
        "ind1": "\\",
        "ind2": "4",
        "subfields": [
          {
            "a": "The Hudson review"
          }
        ]
      }
    },
    {
      "245": {
        "ind1": "0",
        "ind2": "4",
        "subfields": [
          {
            "a": "The Hudson review."
          }
        ]
      }
    },
    {
      "260": {
        "ind1": "\\",
        "ind2": "\\",
        "subfields": [
          {
            "a": "New York :"
          },
          {
            "b": "Hudson Review,"
          },
          {
            "c": "1948-"
          }
        ]
      }
    },
    {
      "300": {
        "ind1": "\\",
        "ind2": "\\",
        "subfields": [
          {
            "a": "volumes ;"
          },
          {
            "c": "26 cm"
          }
        ]
      }
    },
    {
      "310": {
        "ind1": "\\",
        "ind2": "\\",
        "subfields": [
          {
            "a": "Quarterly"
          }
        ]
      }
    },
    {
      "336": {
        "ind1": "\\",
        "ind2": "\\",
        "subfields": [
          {
            "a": "text"
          },
          {
            "b": "txt"
          },
          {
            "2": "rdacontent"
          }
        ]
      }
    },
    {
      "337": {
        "ind1": "\\",
        "ind2": "\\",
        "subfields": [
          {
            "a": "unmediated"
          },
          {
            "b": "n"
          },
          {
            "2": "rdamedia"
          }
        ]
      }
    },
    {
      "338": {
        "ind1": "\\",
        "ind2": "\\",
        "subfields": [
          {
            "a": "volume"
          },
          {
            "b": "nc"
          },
          {
            "2": "rdacarrier"
          }
        ]
      }
    },
    {
      "362": {
        "ind1": "0",
        "ind2": "\\",
        "subfields": [
          {
            "a": "v. 1- spring 1948-"
          }
        ]
      }
    },
    {
      "500": {
        "ind1": "\\",
        "ind2": "\\",
        "subfields": [
          {
            "a": "Some issues bear also thematic titles (e.g., spring 2011 issue called: The Spanish issue, etc.)."
          }
        ]
      }
    },
    {
      "500": {
        "ind1": "\\",
        "ind2": "\\",
        "subfields": [
          {
            "a": "Some issues accompanied by audio CD."
          }
        ]
      }
    },
    {
      "500": {
        "ind1": "\\",
        "ind2": "\\",
        "subfields": [
          {
            "a": "Editor: Frederick Morgan, 1948-2003; Paula Deitz, <2011->"
          }
        ]
      }
    },
    {
      "515": {
        "ind1": "\\",
        "ind2": "\\",
        "subfields": [
          {
            "a": "Vol. 56, no. 1 also called the 55th anniversary issue."
          }
        ]
      }
    },
    {
      "530": {
        "ind1": "\\",
        "ind2": "\\",
        "subfields": [
          {
            "a": "Also issued on microfilm and online."
          }
        ]
      }
    },
    {
      "588": {
        "ind1": "\\",
        "ind2": "\\",
        "subfields": [
          {
            "a": "Latest issue consulted: Vol. 71, no. 1 (spring 2018) (surrogate)."
          }
        ]
      }
    },
    {
      "650": {
        "ind1": "\\",
        "ind2": "0",
        "subfields": [
          {
            "a": "Literature"
          },
          {
            "v": "Periodicals."
          }
        ]
      }
    },
    {
      "650": {
        "ind1": "\\",
        "ind2": "7",
        "subfields": [
          {
            "a": "Literature."
          },
          {
            "2": "fast"
          },
          {
            "0": "(OCoLC)fst00999953"
          }
        ]
      }
    },
    {
      "655": {
        "ind1": "\\",
        "ind2": "0",
        "subfields": [
          {
            "a": "Little magazines."
          }
        ]
      }
    },
    {
      "655": {
        "ind1": "\\",
        "ind2": "7",
        "subfields": [
          {
            "a": "Periodicals."
          },
          {
            "2": "fast"
          },
          {
            "0": "(OCoLC)fst01411641"
          }
        ]
      }
    },
    {
      "655": {
        "ind1": "\\",
        "ind2": "7",
        "subfields": [
          {
            "a": "Periodicals."
          },
          {
            "2": "lcgft"
          }
        ]
      }
    },
    {
      "700": {
        "ind1": "1",
        "ind2": "\\",
        "subfields": [
          {
            "a": "Morgan, Frederick,"
          },
          {
            "d": "1922-2004,"
          },
          {
            "e": "editor."
          }
        ]
      }
    },
    {
      "700": {
        "ind1": "1",
        "ind2": "\\",
        "subfields": [
          {
            "a": "Deitz, Paula,"
          },
          {
            "e": "editor."
          }
        ]
      }
    },
    {
      "730": {
        "ind1": "0",
        "ind2": "\\",
        "subfields": [
          {
            "a": "Along these lines."
          }
        ]
      }
    },
    {
      "776": {
        "ind1": "0",
        "ind2": "8",
        "subfields": [
          {
            "i": "Online version:"
          },
          {
            "t": "Hudson review (Online)"
          },
          {
            "x": "2325-5935"
          },
          {
            "w": "(DLC)  2007234128"
          },
          {
            "w": "(OCoLC)60616103"
          }
        ]
      }
    },
    {
      "776": {
        "ind1": "0",
        "ind2": "8",
        "subfields": [
          {
            "i": "Microfilm version:"
          },
          {
            "t": "Hudson review"
          },
          {
            "x": "0018-702X"
          },
          {
            "w": "(OCoLC)1032983171"
          }
        ]
      }
    },
    {
      "776": {
        "ind1": "0",
        "ind2": "8",
        "subfields": [
          {
            "i": "Microfiche version:"
          },
          {
            "t": "Hudson review"
          },
          {
            "x": "0018-702X"
          },
          {
            "w": "(OCoLC)11688581"
          }
        ]
      }
    },
    {
      "850": {
        "ind1": "\\",
        "ind2": "\\",
        "subfields": [
          {
            "a": "DLC"
          },
          {
            "a": "TxU-Hu"
          }
        ]
      }
    },
    {
      "856": {
        "ind1": "4",
        "ind2": "1",
        "subfields": [
          {
            "u": "http://www.jstor.org/journals/0018702X.html"
          }
        ]
      }
    },
    {
      "856": {
        "ind1": "4",
        "ind2": "2",
        "subfields": [
          {
            "u": "http://bibpurl.oclc.org/web/18571"
          },
          {
            "u": "http://www.hudsonreview.com/"
          }
        ]
      }
    },
    {
      "891": {
        "ind1": "2",
        "ind2": "3",
        "subfields": [
          {
            "9": "853"
          },
          {
            "8": "1"
          },
          {
            "a": "v."
          },
          {
            "b": "no."
          },
          {
            "u": "04"
          },
          {
            "v": "r"
          },
          {
            "i": "(year/year)"
          },
          {
            "j": "(season)"
          },
          {
            "w": "q"
          },
          {
            "x": "21"
          }
        ]
      }
    },
    {
      "891": {
        "ind1": "4",
        "ind2": "0",
        "subfields": [
          {
            "9": "863"
          },
          {
            "8": "1"
          },
          {
            "a": "<1>-"
          },
          {
            "i": "<1948/1949>-"
          },
          {
            "x": "provisional"
          }
        ]
      }
    },
    {
      "891": {
        "ind1": "2",
        "ind2": "0",
        "subfields": [
          {
            "9": "853"
          },
          {
            "8": "2"
          },
          {
            "a": "v."
          },
          {
            "b": "no."
          },
          {
            "u": "4"
          },
          {
            "v": "r"
          },
          {
            "i": "(year)"
          },
          {
            "j": "(season)"
          },
          {
            "w": "q"
          },
          {
            "x": "21"
          }
        ]
      }
    },
    {
      "891": {
        "ind1": "4",
        "ind2": "1",
        "subfields": [
          {
            "9": "863"
          },
          {
            "8": "2.1"
          },
          {
            "a": "<58>"
          },
          {
            "b": "<1>"
          },
          {
            "i": "<2005>"
          },
          {
            "j": "<1>"
          }
        ]
      }
    },
    {
      "936": {
        "ind1": "\\",
        "ind2": "\\",
        "subfields": [
          {
            "a": "Unknown"
          },
          {
            "a": "spring 1948-spring 1949; winter 1974/75 (surrogate)"
          },
          {
            "a": "PR 900972816"
          }
        ]
      }
    },
    {
      "994": {
        "ind1": "\\",
        "ind2": "\\",
        "subfields": [
          {
            "a": "Z0"
          },
          {
            "b": "NYRVC"
          }
        ]
      }
    },
    {
      "948": {
        "ind1": "\\",
        "ind2": "\\",
        "subfields": [
          {
            "h": "NO HOLDINGS IN NYRVC - 890 OTHER HOLDINGS"
          }
        ]
      }
    },
    {
      "999": {
        "ind1": "\\",
        "ind2": "\\",
        "subfields": [
          {
            "a": "00000000013000"
          },
          {
            "v": "Volume 44 number 1"
          }
        ]
      }
    }
  ]
}